<?xml version="1.0" encoding="UTF-8"?><record xmlns="http://www.loc.gov/MARC21/slim" xmlns:cinclude="http://apache.org/cocoon/include/1.0" xmlns:zs="http://www.loc.gov/zing/srw/">
  <leader>00698nz  a2200145n  4500</leader>
  <controlfield tag="001">n 2014045530</controlfield>
  <controlfield tag="003">DLC</controlfield>
  <controlfield tag="005">20140729162843.0</controlfield>
  <controlfield tag="008">140729n| azannaabn          |b aaa      </controlfield>
  <datafield tag="010" ind1=" " ind2=" ">
    <subfield code="a">n 2014045530</subfield>
  </datafield>
  <datafield tag="040" ind1=" " ind2=" ">
    <subfield code="a">DLC</subfield>
    <subfield code="b">eng</subfield>
    <subfield code="e">rda</subfield>
    <subfield code="c">DLC</subfield>
  </datafield>
  <datafield tag="100" ind1="1" ind2=" ">
    <subfield code="a">Kim, Kyu-ch'ŏl</subfield>
    <subfield code="c">(Professor of advertising &amp; public relations)</subfield>
  </datafield>
  <datafield tag="400" ind1="1" ind2=" ">
    <subfield code="a">김 규철</subfield>
    <subfield code="c">(Professor of advertising &amp; public relations)</subfield>
  </datafield>
  <datafield tag="667" ind1=" " ind2=" ">
    <subfield code="a">Non-Latin script reference not evaluated</subfield>
  </datafield>
  <datafield tag="670" ind1=" " ind2=" ">
    <subfield code="a">Taehan Min'guk konggong tijain wae munhwa chŏngch'esŏng in'ga, 2014:</subfield>
    <subfield code="b">t.p. (김 규철, Kim Kyu-ch'ŏl) ft. flap (grad., Kungmin Taehakkyo Sigak Tijainkwa Taehagwŏn; Ph.D.; w. Cheil Kihoek; kwanggoin; prof., Sŏwŏn Taehakkyo Kwanggo Hongbo Hakkwa)</subfield>
  </datafield>
</record>